% ===== refs.bib (UPGRADED VERSION) =====
@article{fink1964equilibrium,
  title={Equilibrium in a stochastic n-person game},
  author={Fink, AM},
  journal={Journal of Science of the Hiroshima University, Series A-I (Mathematics)},
  volume={28},
  number={1},
  pages={89--93},
  year={1964}
}
@article{glicksberg1952further,
  title={A further generalization of the Kakutani fixed point theorem, with application to Nash equilibrium points},
  author={Glicksberg, Irving L},
  journal={Proceedings of the American Mathematical Society},
  volume={3},
  number={1},
  pages={170--174},
  year={1952}
}
@book{shalev2014understanding,
  title={Understanding machine learning: From theory to algorithms},
  author={Shalev-Shwartz, Shai and Ben-David, Shimon},
  year={2014},
  publisher={Cambridge university press}
}
@book{piaget1977equilibration,
  title={The development of thought: Equilibration of cognitive structures},
  author={Piaget, Jean},
  year={1977},
  publisher={Viking Press}
}
@book{vygotsky1978mind,
  title={Mind in society: The development of higher psychological processes},
  author={Vygotsky, Lev S},
  year={1978},
  publisher={Harvard university press}
}
@inproceedings{tishby2000information,
  title={The information bottleneck method},
  author={Tishby, Naftali and Pereira, Fernando C and Bialek, William},
  booktitle={Proceedings of the 37th Annual Allerton Conference on Communication, Control, and Computing},
  pages={368--377},
  year={1999}
}
@inproceedings{silver2017mastering,
  title={Mastering the game of Go without human knowledge},
  author={Silver, David and Schrittwieser, Julian and Simonyan, Karen and Antonoglou, Ioannis and Huang, Aja and Guez, Arthur and Hubert, Thomas and Baker, Lucas and Lai, Matthew and Bolton, Adrian and others},
  booktitle={Nature},
  volume={550},
  pages={354--359},
  year={2017}
}
@book{benaim2005stochastic,
  title={Stochastic approximation and optimization of random functions},
  author={Bena{\"\i}m, Michel and Hofbauer, Josef and Sorin, Sylvain},
  year={2005},
  publisher={Citeseer}
}